2593 3374
1187 189 1415 231 ..gm

180 305 353 358 „omnia“
383 304 490 359 ligna
519 306 559 346 in
588 306 731 347 flumen
759 307 931 347 coniecta
960 319 1051 354 esse,
1089 307 1154 346 sed
1198 319 1377 358 magnam
1406 318 1537 346 eorum
1565 306 1715 357 partein
1743 305 1782 345 in
1810 307 1912 347 rates
1940 306 2182 358 deportatam
2209 309 2248 348 et
2276 309 2316 348 in
2344 308 2403 348 his

176 392 372 421 accensam
400 391 480 420 esse
508 379 629 431 (quod
658 380 776 421 etiam
806 380 1016 432 Dionysius
1045 381 1203 430 refertjz
1239 381 1356 432 atque
1384 379 1472 420 inde
1500 378 1668 430 amplius
1695 379 1884 431 sequitur,
1924 380 1990 421 illa
2019 381 2061 421 ‘in
2084 382 2227 432 flumen·
2255 382 2403 423 conice-

144 443 149 447 ’
176 458 265 495 rent
291 466 367 495 non
394 453 441 494 de
471 453 586 494 verbo
614 454 905 505 interpretanda
934 466 1013 494 esse
1044 454 1107 505 „in
1134 465 1271 504 aquam
1301 452 1556 494 conicerent“.
1585 452 1651 492 sed
1682 453 1744 504 „in
1759 453 1873 501 rates,
1901 454 2054 504 quaein
2083 455 2241 496 flumine
2255 455 2401 496 erant“.

176 527 260 577 Qua
288 527 612 578 interpretatione
654 527 819 568 admissa
850 527 982 567 Livius
1013 526 1232 566 luculentae
1263 526 1437 576 Dionysii
1475 525 1687 564 narrationi
1724 526 1929 573 consentit,
1970 530 2007 565 et
2052 528 2152 566 inter
2194 529 2402 579 utrumque

177 600 375 641 auctorem
417 600 456 639 id
494 611 617 640 unum
659 601 832 650 superest
875 599 1089 646 discrimen,
1131 599 1232 648 quod
1278 599 1380 650 apud
1426 599 1652 649 Dionysium
1691 598 1815 638 omnia
1857 599 1963 650 ligna
2003 601 2041 639 in
2085 613 2198 641 naves
2227 603 2402 652 ratesque

176 674 361 722 congesta
387 674 494 719 sunt,
522 677 626 722 apud
651 673 805 712 Livium
832 684 940 722 pars:
971 672 1009 710 in
1038 684 1114 721 qno
1138 672 1176 711 id
1198 674 1367 721 profecto
1395 672 1488 710 satis
1507 671 1682 710 mirabile
1702 673 1740 709 et
1761 673 2028 721 portentosum
2048 675 2191 713 restare
2210 675 2402 721 fateberis,

176 745 279 796 quod
308 745 506 797 lignorum
536 757 622 796 pars
650 745 689 786 in
717 756 856 796 aquam
885 744 1054 785 coniecta
1083 755 1162 784 esse
1191 743 1428 794 perhibetur.
1485 744 1614 794 Atque
1654 744 1723 783 lio(-
1762 743 2009 795 potissimum
2050 746 2244 797 impellere
2273 747 2403 798 potuit

180 819 547 867 Weissenborniuim
576 821 620 859 ut
648 819 913 860 confiteretur:
943 818 1067 868 „mom
1094 819 1136 867 ip
1164 818 1225 859 bet
1253 816 1432 859 ilussbtucf
1459 818 1546 866 uida
1575 816 1687 858 rtarst
1741 817 1843 865 Quin
1873 817 1989 857 etiam
2013 818 2205 859 Gronovio
2234 821 2403 859 narratio

179 904 253 931 non
282 892 378 931 satis
407 892 611 931 videbatui·
639 892 859 941 perspicua:
902 902 1020 940 quare
1049 891 1126 941 legi
1157 890 1326 930 volebat:
1372 893 1408 927 et
1440 888 1633 939 pleraque
1660 888 1818 927 ratibus
1846 889 2023 938 impacta
2052 892 2291 943 sublicisque
2318 905 2402 931 cum

176 964 409 1013 Μενίππη
436 976 570 1015 nempe
597 964 835 1005 coniectabat
866 963 923 1002 vir
950 963 1143 1014 egregius,
1175 962 1377 1013 ‚‚ponte1n“
1409 960 1551 1011 partim
1571 960 1721 1000 ratibus
1749 960 1890 1011 partim
1907 961 2067 1004 sublicis
2086 976 2165 1004 esse
2183 965 2401 1005 subnixum.

178 1039 230 1077 At
258 1037 348 1077 huic
376 1037 617 1077 ‹u-›niecturae
646 1038 839 1089 repugnat
868 1037 1066 1087 perspicua
1099 1035 1272 1085 Dionysii
1303 1033 1488 1079 narratio,
1526 1033 1591 1083 qui
1632 1035 1734 1073 rates
1770 1034 1808 1072 et
1837 1034 1991 1084 pontem
2020 1035 2132 1086 plane
2160 1037 2403 1089 distinguens

178 1112 280 1150 rates
308 1111 347 1149 in
376 1113 532 1162 pontem
562 1122 642 1150 esse
670 1110 826 1150 adactas
853 1110 960 1150 dicit.
1020 1111 1214 1148 Postremo
1241 1108 1288 1146 ad
1319 1109 1430 1146 tinem
1461 1107 1554 1145 mihi
1583 1106 1788 1156 perducere
1817 1107 1912 1145 lianc
1940 1108 2242 1157 disputationem
2273 1111 2402 1150 licebit

177 1184 395 1232 adnotanti,
434 1185 653 1231 discrimen,
695 1184 796 1234 quod
827 1184 929 1222 inter
959 1182 1134 1233 Dionysii
1181 1183 1219 1219 et
1264 1180 1361 1219 Livii
1404 1179 1662 1219 narrationem
1705 1179 1941 1219 intercedere
1983 1192 2096 1231 supra
2137 1182 2402 1227 indicavimus,

179 1269 335 1306 prorsus
362 1268 597 1305 evanescere,
626 1257 658 1296 si
675 1257 864 1308 pleraque
880 1270 953 1297 non
976 1256 1277 1306 interpretamur
1305 1255 1401 1303 „bus
1421 1254 1577 1301 meifte‘z
1604 1252 1666 1292 sed
1688 1253 1789 1293 haud
1810 1265 1916 1294 rarae
1936 1255 2114 1305 loquendi
2134 1257 2401 1297 consuetudini

176 1330 502 1371 accommodatius
548 1332 610 1379 „iu
638 1330 767 1381 qrober
795 1332 969 1380 vienne&
1010 1341 1106 1380 quae
1150 1327 1419 1377 interpretatio
1461 1328 1652 1376 praeterea
1696 1326 1816 1376 ipsius
1857 1327 1955 1366 Livii
2003 1328 2126 1371 verbis
2169 1343 2312 1381 neuqua
2340 1330 2402 1370 vis

179 1403 377 1455 liquorum
418 1405 542 1455 magis
581 1405 774 1445 convenit.
830 1405 938 1454 „liuh
979 1404 1082 1453 hurd)
1125 1403 1178 1443 bie
1206 1401 1473 1450 ilnteritiisunq
1515 1399 1697 1449 qiiuitiqeu
1726 1399 1876 1441 9Βίιὼεὲ
1919 1391 2141 1443 ωιιτδεδαὲ
2170 1405 2401 1455 ungep‘iubete

177 1476 309 1529 &bota
338 1488 445 1528 ,aegea
473 1478 543 1519 bus
562 1478 769 1529 fflfubhnert
791 1478 982 1529 gettiebene
1009 1476 1102 1518 blieb
1130 1477 1246 1516 burun
1276 1475 1413 1525 [Jiiuqcu
1441 1473 1514 1512 nub
1542 1470 1661 1519 itecfte,
1689 1473 1808 1522 sinuat
1837 1474 1882 1513 bu
1914 1478 1952 1513 ee
1981 1474 2041 1523 fieb
2070 1475 2107 1514 iu
2135 1474 2263 1524 arefiet
2280 1476 2397 1524 ffltuile

181 1550 246 1599 uui
273 1551 338 1591 ben
368 1550 502 1600 ῧῑὸῇοιι
532 1550 676 1601 ἱκῐαηδ,
702 1552 757 1592 bie
784 1551 913 1593 ffiriufe
942 1553 978 1591 iu
1003 1551 1169 1592 Qiruiib‘ss

339 1622 365 1662 1.
395 1623 467 1662 4⁰:
522 1621 634 1662 'l'um
664 1622 774 1663 Anci
812 1622 895 1662 mii
937 1623 1048 1667 duo.
1090 1623 1173 1663 etsi
1211 1622 1342 1662 antea
1378 1631 1555 1671 semper
1588 1629 1670 1670 pro
1715 1620 2028 1671 indignissimo
2063 1622 2316 1664 habuerant
2355 1635 2401 1664 se

178 1694 328 1743 patrio
357 1704 497 1744 regno
526 1695 695 1736 tutor-Is
723 1695 882 1736 fraude
911 1695 1078 1746 pulsos,
1116 1705 1306 1745 regnare
1336 1693 1500 1733 Romae
1528 1692 1739 1732 advenam
1770 1703 1855 1733 non
1886 1693 2015 1734 niodo
2048 1695 2215 1735 vicinae
2244 1696 2318 1736 sed
2346 1708 2401 1736 ne

176 1764 366 1807 ItalIcae
394 1767 573 1816 quidem
601 1768 781 1819 stirpis,
822 1770 917 1809 tum
963 1768 1207 1821 impensius
1248 1766 1305 1806 iis
1346 1764 1593 1815 indignitas
1634 1776 1853 1814 crescere,
1896 1766 1933 1806 si
1978 1778 2032 1807 ne
2074 1769 2129 1808 ab
2156 1767 2401 1819 Tarquinio

177 1838 357 1889 quidem
386 1840 440 1881 ad
468 1851 515 1882 se
543 1840 698 1883 redeat
725 1853 920 1893 regnum.
976 1842 1173 1883 Posterius
1201 1845 1280 1881 tune
1312 1838 1466 1888 respicit
1492 1837 1539 1877 ad
1569 1837 1791 1888 praecedens
1827 1842 1945 1880 anteat
1974 1842 2013 1879 et
2040 1842 2126 1892 post
2156 1842 2395 1882 interiectam

177 1913 410 1952 sententiam
440 1914 548 1964 prius
577 1917 658 1954 tum
687 1915 848 1966 excipit:
878 1916 1067 1967 particula
1099 1913 1274 1966 ,‚tamen“
1307 1912 1392 1961 post
1418 1911 1494 1948 etsi
1512 1910 1719 1951 desiderata
1747 1912 1876 1951 abesse
1906 1915 2069 1962 poterat.
2099 1915 2189 1964 quia
2209 1917 2399 1955 sententia

176 1984 353 2032 opposita
381 1995 448 2033 per
476 1996 514 2023 se
543 1985 624 2034 ipsa
655 1989 855 2039 perspicua
885 1993 963 2029 est:
993 1989 1158 2028 insertae
1186 1984 1399 2026 sententiae
1426 1983 1636 2022 effecerunt
1662 1984 1933 2025 anacoluthon.
1991 1987 2072 2026 Hae
2104 1988 2400 2029 Weissenbornii

179 2056 258 2095 fere
288 2057 458 2097 rationes
487 2059 662 2098 veterum
692 2060 885 2101 editorum
915 2060 1254 2111 interpretationes
1281 2055 1605 2106 complectuntur.
1643 2057 1720 2105 Qui
1746 2060 1876 2097 autem
1907 2060 2028 2099 totam
2058 2061 2257 2110 periodum
2284 2064 2401 2113 atquc

180 2130 463 2170 sententiarum
490 2142 681 2171 summani
709 2133 943 2184 deligentius
972 2132 1227 2182 indagaverit,
1267 2130 1298 2168 is
1326 2129 1366 2168 in
1395 2128 1655 2169 huiuscemodi
1685 2130 2074 2181 interpretationibus
2106 2134 2166 2172 vix
2193 2146 2236 2173 ac
2264 2146 2310 2174 ne
2338 2136 2398 2175 vix

179 2201 340 2252 quidem
366 2203 607 2254 acquiescere
635 2204 792 2255 poterIt.
850 2204 936 2244 Non
965 2204 1088 2243 solum
1117 2203 1192 2243 duo
1222 2203 1295 2241 ista
1325 2205 1417 2250 tum,
1445 2213 1542 2251 quae
1569 2214 1607 2240 se
1636 2202 1810 2253 excipere
1828 2204 2010 2253 affirmes,
2039 2206 2103 2246 sed
2131 2206 2249 2247 etiam
2277 2209 2399 2258 parti-

176 2275 266 2315 cula
293 2276 511 2317 concessiva
541 2277 637 2325 etsi,
667 2287 764 2327 quae
792 2275 986 2326 postulat,
1029 2276 1074 2313 ut
1105 2273 1280 2323 „tamen“
1311 2274 1562 2324 suppleatur,
1590 2276 1690 2324 quod
1720 2276 2037 2327 supplementum
2067 2280 2140 2319 nisi
2170 2281 2206 2319 vi
2235 2281 2399 2331 quadam

175 2347 305 2386 excuti
346 2359 422 2387 non
462 2359 572 2398 posse
606 2350 793 2399 apparet,
835 2347 999 2397 denique
1041 2347 1158 2386 etiam
1200 2346 1300 2385 illud
1340 2347 1614 2388 anacoluthon:
1658 2370 1705 2374 ——
1747 2360 1789 2387 ea
1831 2351 1959 2389 omnia
2002 2352 2165 2391 dubium
2205 2365 2280 2393 non
2321 2366 2399 2393 esse

166 2421 417 2471 coarguunt,
446 2421 541 2471 quin
568 2420 748 2472 periodus
777 2422 960 2472 corrupta
989 2421 1057 2469 sit,
1085 2432 1319 2471 quamquain
1347 2430 1392 2459 ne
1420 2419 1501 2460 ulla
1529 2419 1685 2471 quidem
1713 2421 1929 2473 scripturae
1959 2424 2123 2466 varietas
2150 2427 2208 2466 est
2236 2426 2392 2467 tradita.

178 2491 257 2532 Pro
285 2492 412 2544 priore
441 2495 523 2533 tum
551 2493 744 2544 exspectes
771 2494 1004 2534 sententiam
1033 2506 1121 2534 cum
1150 2494 1207 2534 At
1232 2492 1467 2545 oppositam:
1497 2493 1598 2544 quod
1633 2494 1788 2544 quidem
1816 2508 1859 2536 ex
1886 2497 2036 2539 duabus
2064 2499 2217 2539 ultimis
2244 2511 2395 2551 praece-

178 2564 307 2606 dentis
336 2567 444 2607 verbi
473 2570 562 2607 crat
589 2566 735 2606 litteris
764 2566 876 2606 facile
904 2567 1101 2614 restituas,
1141 2567 1196 2605 ita
1226 2568 1282 2613 ut,
1310 2567 1427 2605 etiam
1454 2567 1576 2606 alteia
1604 2568 1679 2606 levi
1720 2572 1944 2611 mutatione
1983 2573 2161 2622 admissa,
2206 2575 2398 2614 sententia

181 2638 344 2689 incipiat
370 2640 429 2679 At
454 2640 539 2680 iam
565 2639 672 2680 Anci
696 2639 787 2689 filii.
842 2640 913 2679 Sed
941 2640 1097 2691 gravior
1125 2640 1251 2679 oritur
1279 2639 1453 2689 quaestio
1480 2639 1526 2678 de
1553 2640 1749 2690 particula
1778 2643 1866 2682 etsi.
1924 2643 2011 2682 Mea
2038 2643 2194 2694 quidem
2222 2644 2399 2694 opinione

176 2711 245 2752 illa
272 2713 468 2763 particula
494 2713 745 2754 distrahenda
773 2714 831 2752 est
860 2716 924 2760 (et,
953 2713 1006 2761 si)
1035 2712 1374 2762 statuendamque.
1401 2713 1492 2751 ante
1511 2724 1593 2751 eam
1612 2713 1737 2752 simile
1762 2716 1995 2756 vocabulum
2019 2716 2212 2765 excidisse,
2241 2722 2398 2758 verbum

175 2786 393 2835 exstitere;
420 2788 467 2827 ut
495 2787 630 2827 Livius
656 2786 853 2837 scripsisse
883 2785 1079 2826 videatur:
1122 2785 1179 2824 At
1205 2786 1288 2824 iam
1314 2786 1419 2825 Auci
1443 2785 1524 2835 filii
1551 2785 1629 2825 duo
1659 2788 1857 2837 exstitere,
1886 2794 1923 2830 et
1950 2791 1988 2829 si
2014 2790 2233 2831 habuerant
2260 2815 2310 2819 —
2338 2815 2399 2840 ——‚

174 2861 257 2899 tum
285 2859 508 2910 impensius
536 2860 592 2901 iis
617 2859 846 2911 indiqnitas
873 2869 1059 2900 crescere.
1116 2858 1196 2898 Hac
1223 2857 1389 2908 simplici
1416 2858 1663 2899 restitutione
1701 2860 1875 2910 primum
1911 2861 2021 2913 quasi
2050 2873 2126 2902 uno
2154 2862 2235 2902 ictu
2262 2874 2398 2903 anaco-

175 2930 305 2971 luthia
332 2932 548 2979 amovetur,
588 2932 674 2971 tum
712 2943 787 2972 non
820 2931 989 2982 amplius
1016 2931 1276 2970 desideramus
1305 2931 1496 2982 ‚,tamen“‚
1525 2931 1690 2982 denique
1718 2934 1842 2973 etiam
1872 2935 2043 2974 alterum
2072 2939 2165 2983 tum,
2208 2936 2310 2986 quod
2339 2937 2399 2975 vix

175 3004 379 3042 tolerabile
408 3004 576 3052 videtur,
606 3005 810 3043 evanescit.
867 3005 1070 3055 „sffiugegeu
1111 3016 1184 3045 uuu
1227 3009 1345 3045 truteu
1387 3004 1441 3044 bic
1483 3006 1567 3055 mei
1595 3006 1727 3055 &ohne
1755 3007 1818 3047 bez
1845 3009 1969 3048 flucae
1997 3008 2075 3056 auf,
2114 3008 2185 3049 aab
2226 3020 2329 3050 menn
2356 3009 2399 3055 {ie
